2750 5017
363 227 440 368 aas
631 262 976 365 nxcvasvs
1013 237 1092 364 lv·
1140 223 1179 284 ⁵
1235 227 1242 232 ⁴

300 457 307 468 ¹
401 465 533 532 statarios·
547 465 678 526 Homero
691 464 722 523 in
736 468 795 534 boc
808 455 888 530 Maio
907 467 963 538 ess,
987 470 1085 545 quod,
1105 462 1200 531 stiam
1213 488 1227 529 a
1241 470 1315 535 Seruio

317 581 319 590 ’
367 555 571 623 obseruatum,
593 558 644 610 iltis
653 557 776 624 fingula,
797 559 859 611 dum
869 561 957 622 finnt,
978 568 1142 614 narrantur:
1161 559 1198 612 iic
1211 579 1315 633 cuspes.

361 645 433 719 ‘solia
455 663 532 715 opere
550 646 696 711 noscuntur.
748 644 822 698 Nam
841 656 868 697 el
890 645 931 696 lic
952 659 1033 698 arana
1041 647 1122 716 prius
1141 649 1317 717 accepsemas

366 750 449 806 quam
457 731 608 802 spellam,¹
629 729 677 791 ibi,
694 732 832 801 postquam
847 733 934 784 amaria
947 743 1068 786 narrata
1073 730 1150 800 suat,
1164 735 1198 798 fic
1211 751 1227 786 a
1240 734 1317 790 neae

367 811 525 888 des‘erun'eur
545 817 585 871 ad
604 815 735 871 Achillem.
781 813 865 897 Quae
887 812 932 871 his
945 812 1058 872 subiicit
1070 814 1121 873 alia
1137 814 1258 885 Seruius,
1276 837 1318 875 ooo

367 902 519 979 probanda
534 894 649 958 censeo:
671 916 790 968 verum,
813 918 880 956 cum
899 901 934 957 ab
946 901 1198 958 Homeroalteram
1208 902 1318 961 rationem

366 998 540 1063 occupatam
553 983 679 1053 videret,
704 984 776 1059 quid
789 983 899 1043 faceret
914 986 1008 1055 Maro,
1031 985 1093 1055 nib,
1113 999 1156 1055 vt,
1176 985 1268 1062 siquid
1282 1009 1317 1046 no.

365 1091 438 1138 vare
452 1074 589 1141 volebat,
613 1073 695 1147 quod
709 1069 812 1145 vtique
830 1073 964 1141 debebat,
988 1074 1026 1130 ad
1044 1075 1158 1132 alteram
1176 1075 1220 1132 vel
1236 1072 1317 1131 inuitus

367 1159 575 1226 descenderet,
597 1167 788 1233 narr-aretque
810 1160 884 1217 adeo
903 1176 937 1216 ac
959 1156 1056 1234 potius
1074 1157 1249 1228 describeret,
1266 1178 1318 1236 quae

365 1248 425 1307 sam
441 1244 514 1313 salla
528 1254 619 1304 erant.
649 1242 724 1330 *Sed
747 1245 819 1303 baec
839 1243 898 1302 iam
913 1244 997 1304 dorse
1017 1261 1051 1305 ac
1067 1242 1200 1305 subtiliter
1219 1242 1318 1322 exposuit

365 1331 531 1410 Leffingius
542 1330 573 1388 in
587 1332 730 1395 Laooo'onte
748 1349 778 1403 p.
793 1342 847 1403 184
862 1328 922 1407 sqq.
1015 1331 1018 1338 ’
1046 1353 1050 1358 ·

347 1433 349 1442 ’
409 1425 534 1492 pregnans
548 1416 580 1475 in
594 1415 687 1492 clipeo
710 1415 885 1491 exsculptam
901 1413 1150 1493 Romanus·''poeta
1168 1416 1267 1497 egregie
1283 1434 1318 1476 tu·

337 1551 342 1560 .
367 1505 465 1575 riauit‚
489 1502 590 1562 ficum
603 1501 760 1563 Homerico
776 1515 806 1560 et
816 1501 955 1562 Hesiodeo
973 1505 1066 1580 clipeo
1080 1524 1226 1579 compares.
1252 1502 1318 1560 Grae·

368 1592 397 1650 ei
407 1602 509 1667 poetae
523 1590 572 1647 illo
586 1587 705 1664 antiquo
722 1587 852 1646 sermone
866 1592 1012 1664 praeclare
1031 1590 1062 1649 in
1082 1591 1137 1651 hoc
1151 1590 1282 1657 vsrerant,
1297 1596 1320 1647 vt

358 1673 482 1758 Ἔριδα,
505 1677 607 1755 Κῆρα,
629 1671 741 1748 Φόβον,
763 1675 795 1733 in
810 1675 870 1734 acie
887 1676 1099 1760 constituerent.
1144 1660 1319 1736 'Rediitabaee

366 1762 427 1839 ipsa
446 1774 496 1844 aut
509 1759 610 1821 similia
633 1758 784 1836 sculptoris
807 1759 868 1820 a'rte
881 1761 1000 1822 suerunt
1019 1763 1050 1821 in
1067 1759 1180 1841 Cypseli
1195 1781 1251 1828 arca
1265 1760 1319 1835 apud

366 1846 553 1918 Pausaniam,
583 1861 656 1926 quae
676 1846 816 1925 sigillatim
839 1847 908 1906 olim
936 1850 1097 1909 accuratius
1127 1868 1143 1907 a
1164 1868 1206 1907 me
1226 1844 1320 1921 exposta

279 2005 284 2014 ⁹
366 1935 447 1996 sunt:
462 1933 600 2013 Virgilius
613 1929 734 2007 pugnam
745 1942 869 1991 naualem
882 1934 1023 1994 substituit
1034 1947 1069 1995 et'
1075 1939 1110 1994 ab
1117 1935 1243 2011 Apolline
1250 1930 1318 1992 Asda-

367 2041 403 2082 oo
419 2021 538 2097 propria
552 2040 653 2078 rerum
667 2033 837 2097 argumenta
854 2017 956 2097 petiuit
972 2019 1058 2082 verss.
1070 2021 1138 2099 877
1155 2021 1210 2099 sqq.
1289 2039 1293 2044 ’

420 2108 497 2168 Cum
520 2104 551 2164 in
575 2106 620 2164 bis
639 2106 797 2185 Virgilium
824 2107 874 2166 vel
897 2107 1053 2188 defendam
1075 2103 1123 2169 ‘vel
1144 2104 1273 2167 excusem:
1294 2097 1320 2158 ess

368 2193 468 2264 aliud,
490 2194 570 2270 quod
584 2195 620 2251 ab
642 2191 703 2250 aliis
724 2214 783 2260 non
798 2194 1003 2270 reprehensum
1018 2195 1126 2266 video,
1147 2191 1201 2270 ipse
1213 2185 1302 2268 aegres
1311 2220 1319 2232 ·

322 2327 325 2331 -
366 2291 424 2339 ro.⁸
457 2281 489 2337 ln
503 2301 593 2336 carram
606 2277 714 2337 scilicet
725 2283 827 2348 clitella,
852 2300 921 2355 quas
936 2282 967 2339 in
981 2281 1074 2358 clipeo
1089 2277 1237 2357 exsculptus
1253 2271 1319 2338 dedit,

365 2376 481 2426 certum
501 2364 643 2446 iudicium
660 2365 715 2424 vix
737 2364 873 2440 sequutus
895 2367 989 2426 videri
1011 2369 1111 2443 potest.
1156 2358 1320 2427 Omiffiseniu

366 2445 643 2513 multo'clarioribus
657 2450 738 2522 fusiss
753 2449 880 2512 inseruit
897 2457 1048 2526 nonnulla,
1070 2474 1140 2531 quae
1154 2451 1279 2530 quomodo
1288 2443 1319 2502 ia·

346 2591 350 2601 .
365 2552 412 2600 ter
421 2539 577 2618 insigniora
593 2538 791 2597 Romanomun
803 2537 875 2598 sassa
889 2542 939 2599 vel
954 2540 1010 2600 sata
1025 2541 1127 2602 referri
1140 2536 1270 2619 potuerint
1279 2548 1320 2589 noo

263 2670 267 2678 ι
315 2683 316 2688 ,
366 2625 513 2703 assequor:
535 2625 662 2686 vtMetii
673 2624 789 2683 Fuffe'tii
801 2623 983 2701 supplicium,
1001 2633 1083 2705 quod
1100 2627 1236 2705 quomodo
1248 2618 1319 2679 deser·

366 2716 434 2772 dam
450 2733 510 2771 non
526 2713 636 2771 habeor
661 2710 767 2771 etiamsi
781 2712 903 2794 dixero,
926 2714 1001 2773 Alba
1023 2716 1120 2773 diruta
1133 2716 1243 2774 Romam
1259 2702 1320 2776 infig-

365 2799 413 2860 r'tia
433 2797 639 2876 consequutam
659 2798 715 2856 esse
731 2797 926 2869 incrementa,
961 2811 989 2858 et
1006 2799 1174 2860 foeditatem
1192 2787 1321 2873 [perticuli

311 2884 328 2916 ”
365 2889 403 2944 ad
418 2885 545 2945 nostrum
559 2884 669 2943 sensum
685 2885 908 2955 intolerabilem,
924 2883 1028 2961 asperis
1048 2900 1076 2947 et
1090 2881 1258 2966 gladiatoriae
1269 2891 1320 2951 puga

365 2973 419 3030 n'ae
447 2970 570 3030 adsuetis
597 2963 920 3031 Romaborumanimis
943 2972 1039 3032 minus
1067 2973 1208 3049 displicere
1225 2959 1321 3043 potuiff‘·

363 3057 548 3135 Religionum
563 3055 690 3114 maiestas
710 3054 845 3116 excusare
859 3058 933 3116 sorte
950 3062 1041 3134 potest
1060 3059 1198 3118 Saliorum
1215 3044 1321 3127 nipudia,

364 3145 570 3220 Lupercorum
587 3141 817 3213 discursationes,
840 3157 1037 3210 matronarum
1051 3165 1201 3222 pompam3
1219 3141 1245 3198 ir
1256 3136 1283 3194 iis
1294 3143 1322 3188 tl·

364 3241 433 3287 rnen
450 3229 536 3289 nimis
548 3228 640 3305 presse
655 3242 684 3288 et
695 3229 809 3308 anguste
818 3233 978 3289 Homerum
991 3235 1150 3292 aemulatus
1165 3229 1214 3288 esse
1223 3225 1321 3310 videtui·

366 3314 417 3392 qui
437 3336 468 3376 v:
483 3334 542 3389 590
566 3316 688 3374 chorum
711 3315 911 3394 elegantissime
930 3319 1092 3378 effinxerat.
1136 3314 1260 3377 Anserem
1268 3303 1322 3367 voh·

364 3409 474 3461 tantem
496 3401 516 3461 st
537 3401 682 3473 omisrffetss
707 3403 871 3481 argumenti
888 3402 1024 3466 maiestati
1047 3409 1085 3465 ad
1108 3405 1227 3482 nostrum
1243 3388 1322 3454 sensum

364 3488 468 3548 melius
484 3486 682 3550 consuluisset.'
726 3488 911 3565 intercipitur
925 3512 1014 3567 porro
1030 3503 1109 3552 totus
1127 3480 1274 3569 argumenti
1283 3477 1322 3569 Rq·

347 3574 444 3633 -mani
456 3585 549 3635 'tenor
568 3577 656 3634 rebus
671 3574 774 3634 inseris
794 3575 978 3652 interpositis,
1000 3578 1049 3638 itsr
1064 3579 1165 3646 video,
1186 3572 1249 3651 quid
1260 3562 1323 3624 inb1⁵

362 3659 444 3737 sequi
462 3661 590 3740 potuerit
608 3672 703 3737 poeta.
746 3663 848 3738 Voluit
868 3663 943 3723 sorte
958 3659 1100 3724 Catilinae
1120 3675 1149 3738 et
1163 3654 1269 3721 Catonis
1281 3662 1324 3708 ne·

284 3755 290 3764 ’
361 3747 483 3818 minisse,
507 3768 632 3825 quorum
643 3750 767 3820 alterum
779 3741 810 3809 in
823 3748 923 3808 inseris
937 3748 1077 3812 scelerum
1091 3742 1198 3827 poesias
1211 3737 1279 3803 lu'ere
1290 3747 1325 3811 par

362 3832 402 3894 est
413 3831 544 3904 credere.
591 3836 669 3895 Sunt·
679 3834 765 3894 etiam
778 3837 850 3895 haec
865 3836 906 3895 ita
920 3837 1029 3912 posita,
1049 3848 1086 3898 vt
1101 3835 1185 3912 clipei
1198 3835 1325 3891 extremam

361 3940 443 3979 oram
452 3924 584 3991 obeant,
616 3933 693 3981 terra
707 3922 738 3980 in
756 3922 873 3992 medio,
905 3934 935 3982 et
949 3924 1028 3984 inter
1041 3919 1117 3984 banc
1131 3921 1269 3993 inferoque
1281 3911 1327 3967 loca

361 4006 438 4067 mari
451 3999 613 4080 intes-lesio.
638 4011 752 4072 :Habet
764 4007 887 4082 speciem
900 4010 1037 4087 aliquam,
1061 4030 1116 4069 nec
1129 4019 1222 4070 tamen
1232 3998 1327 4059 multum

318 4152 323 4162 ,
360 4086 669 4171 probibilem,³hoc,·
691 4107 725 4153 vt
746 4094 847 4165 dicas,
870 4095 1002 4176 delegisse
1021 4108 1137 4175 poetam
1159 4114 1210 4162 ea,
1230 4095 1327 4165 quorum

359 4181 410 4241 illo
427 4192 557 4258 tempore
572 4180 649 4260 signa
667 4181 766 4258 passim
787 4191 817 4240 et
828 4180 937 4259 sculpta
957 4203 1024 4244 aere
1041 4185 1091 4247 rel
1108 4179 1327 4322 marmoreRopffl

382 4265 392 4274 ”
415 4269 420 4278 ’
1267 4265 1328 4320 omit
